@inbook{kondepudi14_brusselator_chapter,
  author = {Dilip Kondepudi and Ilya Prigogine},
  editor = {Dilip Kondepudi and Ilya Prigogine},
  publisher = {John Wiley \& Sons, Ltd},
  isbn = {9781118698723},
  title = {Dissipative Structures},
  booktitle = {Modern Thermodynamics},
  chapter = {19},
  pages = {421-450},
  doi = {https://doi.org/10.1002/9781118698723.ch19},
  url = {https://onlinelibrary.wiley.com/doi/abs/10.1002/9781118698723.ch19},
  eprint = {https://onlinelibrary.wiley.com/doi/pdf/10.1002/9781118698723.ch19},
  year = {2014},
  keywords = {bifurcation, dissipative structures, far-from-equilibrium systems, nonequilibrium thermodynamics, structural instability, symmetry breaking},
}

@article{kemeth2021initializing,
      title={Initializing LSTM internal states via manifold learning},
      author={Felix P. Kemeth and Tom Bertalan and Nikolaos Evangelou and Tianqi Cui and Saurabh Malani and Ioannis G. Kevrekidis},
      journal={arXiv: 2104.13101},
      year={2021},
      eprint={2104.13101},
      archivePrefix={arXiv},
      primaryClass={stat.ML}
}

@article{lu18_attrac_recon_by_machin_learn,
  author =       {Zhixin Lu and Brian R. Hunt and Edward Ott},
  title =        {Attractor Reconstruction By Machine Learning},
  journal =      {Chaos: An Interdisciplinary Journal of Nonlinear
                  Science},
  volume =       28,
  number =       6,
  pages =        061104,
  year =         2018,
  doi =          {10.1063/1.5039508},
  url =          {https://doi.org/10.1063/1.5039508},
  DATE_ADDED =   {Fri Feb 26 09:29:09 2021},
}

@article{yildiz12_re_visit_echo_state_proper,
  author =       {Izzet B. Yildiz and Herbert Jaeger and Stefan
                  J. Kiebel},
  title =        {Re-Visiting the Echo State Property},
  journal =      {Neural Networks},
  volume =       35,
  number =       {nil},
  pages =        {1-9},
  year =         2012,
  doi =          {10.1016/j.neunet.2012.07.005},
  url =          {https://doi.org/10.1016/j.neunet.2012.07.005},
  DATE_ADDED =   {Fri Feb 26 09:41:30 2021},
}


@techreport{jaeger01_the_echo_state,
  author =       {Jaeger, Herbert},
  title =        {The echo state approach to analysing and training recurrent neural networks},
  year =         {2001},
  group =        {Technical Report},
  institution =  {Fraunhofer Institute for Autonomous Intelligent Systems}
}

@article{tanaka19_recen_advan_physic_reser_comput,
  author =       {Gouhei Tanaka and Toshiyuki Yamane and Jean Benoit
                  H{\'e}roux and Ryosho Nakane and Naoki Kanazawa and
                  Seiji Takeda and Hidetoshi Numata and Daiju Nakano
                  and Akira Hirose},
  title =        {Recent Advances in Physical Reservoir Computing: a
                  Review},
  journal =      {Neural Networks},
  volume =       115,
  number =       {nil},
  pages =        {100-123},
  year =         2019,
  doi =          {10.1016/j.neunet.2019.03.005},
  url =          {https://doi.org/10.1016/j.neunet.2019.03.005},
  DATE_ADDED =   {Tue Mar 2 09:31:27 2021},
}


